% This file was created with Citavi 6.14.0.0




@misc{rfc9000,
 abstract = {This document defines the core of the QUIC transport protocol. QUIC provides applications with flow-controlled streams for structured communication, low-latency connection establishment, and network path migration. QUIC includes security measures that ensure confidentiality, integrity, and availability in a range of deployment circumstances. Accompanying documents describe the integration of TLS for key negotiation, loss detection, and an exemplary congestion control algorithm.},
 author = {{Jana Iyengar} and {Martin Thomson}},
 year = {2021},
 title = {QUIC: A UDP-Based Multiplexed and Secure Transport},
 url = {https://www.rfc-editor.org/info/rfc9000},
 number = {9000},
 publisher = {{RFC Editor}},
 series = {Request for Comments},
 doi = {10.17487/RFC9000}
}